@ARTICLE{iroshnikov_1964,
       author = {{Iroshnikov}, P.~S.},
        title = "{Turbulence of a Conducting Fluid in a Strong Magnetic Field}",
      journal = {\sovast},
         year = 1964,
        month = feb,
       volume = {7},
        pages = {566},
       adsurl = {https://ui.adsabs.harvard.edu/abs/1964SvA.....7..566I},
      adsnote = {Provided by the SAO/NASA Astrophysics Data System}
}

@ARTICLE{kraichnan_1965,
       author = {{Kraichnan}, Robert H.},
        title = "{Inertial-Range Spectrum of Hydromagnetic Turbulence}",
      journal = {Physics of Fluids},
         year = 1965,
        month = jul,
       volume = {8},
       number = {7},
        pages = {1385-1387},
          doi = {10.1063/1.1761412},
       adsurl = {https://ui.adsabs.harvard.edu/abs/1965PhFl....8.1385K},
      adsnote = {Provided by the SAO/NASA Astrophysics Data System}
}

%de aca para abajo lo utilizado para minotti
@ARTICLE{swmf_2005,
       author = {{T{\'o}th}, G{\'a}Bor and {Sokolov}, Igor V. and {Gombosi}, Tamas I. and {Chesney}, David R. and {Clauer}, C. Robert and {de Zeeuw}, Darren L. and {Hansen}, Kenneth C. and {Kane}, Kevin J. and {Manchester}, Ward B. and {Oehmke}, Robert C. and {Powell}, Kenneth G. and {Ridley}, Aaron J. and {Roussev}, Ilia I. and {Stout}, Quentin F. and {Volberg}, Ovsei and {Wolf}, Richard A. and {Sazykin}, Stanislav and {Chan}, Anthony and {Yu}, Bin and {K{\'o}ta}, J{\'o}zsef},
        title = "{Space Weather Modeling Framework: A new tool for the space science community}",
      journal = {Journal of Geophysical Research (Space Physics)},
     keywords = {Space Weather: Forecasting (2722), Space Weather: Models, Solar Physics, Astrophysics, and Astronomy: Coronal mass ejections (2101), Magnetospheric Physics: Solar wind/magnetosphere interactions, Ionosphere: Ionosphere/magnetosphere interactions (2736), space weather, software framework, numerical modeling, model coupling, component based software},
         year = 2005,
        month = dec,
       volume = {110},
       number = {A12},
          eid = {A12226},
        pages = {A12226},
          doi = {10.1029/2005JA011126},
       adsurl = {https://ui.adsabs.harvard.edu/abs/2005JGRA..11012226T},
      adsnote = {Provided by the SAO/NASA Astrophysics Data System}
}


@BOOK{goedbloed_2004,
       author = {{Goedbloed}, J.~P. Hans and {Poedts}, Stefaan},
        title = "{Principles of Magnetohydrodynamics}",
         year = 2004,
       adsurl = {https://ui.adsabs.harvard.edu/abs/2004prma.book.....G},
      adsnote = {Provided by the SAO/NASA Astrophysics Data System}
}
@ARTICLE{lloveras_2020BAAA,
       author = {{Lloveras}, D.~G. and {V{\'a}squez}, A.~M. and {Nuevo}, F.~A. and {Mac Cormack}, C. and {Sachdeva}, N. and {Manchester}, W., IV and {Van der Holst}, B. and {Frazin}, R.~A.},
        title = "{Estudio de validaci{\'o}n tomogr{\'a}fica del modelo MHD AWSoM}",
      journal = {Boletin de la Asociacion Argentina de Astronomia La Plata Argentina},
     keywords = {Sun: corona {\textemdash} Sun: fundamental parameters {\textemdash} Sun: UV radiation {\textemdash} Sun: abundances},
         year = 2020,
        month = jul,
       volume = {61B},
        pages = {4-6},
       adsurl = {https://ui.adsabs.harvard.edu/abs/2020BAAA...61B...4L},
      adsnote = {Provided by the SAO/NASA Astrophysics Data System}
}

@ARTICLE{lloveras_2020,
       author = {{Lloveras}, Diego G. and {V{\'a}squez}, Alberto M. and {Nuevo}, Federico A. and {Mac Cormack}, Cecilia and {Sachdeva}, Nishtha and {Manchester}, Ward and {Van der Holst}, Bartholomeus and {Frazin}, Richard A.},
        title = "{Thermodynamic Structure of the Solar Corona: Tomographic Reconstructions and MHD Modeling}",
      journal = {\solphys},
     keywords = {Solar Cycle, observations, Corona, E, structures, models, Magnetohydrodynamics, Astrophysics - Solar and Stellar Astrophysics},
         year = 2020,
        month = jun,
       volume = {295},
       number = {6},
          eid = {76},
        pages = {76},
          doi = {10.1007/s11207-020-01641-z},
archivePrefix = {arXiv},
       eprint = {2004.06815},
 primaryClass = {astro-ph.SR},
       adsurl = {https://ui.adsabs.harvard.edu/abs/2020SoPh..295...76L},
      adsnote = {Provided by the SAO/NASA Astrophysics Data System}
}

@ARTICLE{oran_2015,
       author = {{Oran}, R. and {Landi}, E. and {van der Holst}, B. and {Lepri}, S.~T. and
         {V{\'a}squez}, A.~M. and {Nuevo}, F.~A. and {Frazin}, R. and
         {Manchester}, W. and {Sokolov}, I. and {Gombosi}, T.~I.},
        title = "{A Steady-state Picture of Solar Wind Acceleration and Charge State Composition Derived from a Global Wave-driven MHD Model}",
      journal = {\apj},
     keywords = {magnetohydrodynamics: MHD, methods: numerical, Sun: corona, Sun: heliosphere, techniques: spectroscopic, turbulence, Astrophysics - Solar and Stellar Astrophysics},
         year = "2015",
        month = "Jun",
       volume = {806},
       number = {1},
          eid = {55},
        pages = {55},
          doi = {10.1088/0004-637X/806/1/55},
archivePrefix = {arXiv},
       eprint = {1412.8288},
 primaryClass = {astro-ph.SR},
       adsurl = {https://ui.adsabs.harvard.edu/abs/2015ApJ...806...55O},
      adsnote = {Provided by the SAO/NASA Astrophysics Data System}
}

@ARTICLE{sachdeva_2019,
       author = {{Sachdeva}, Nishtha and {van der Holst}, Bart and {Manchester}, Ward B. and
         {T{\'o}th}, Gabor and {Chen}, Yuxi and {Lloveras}, Diego G. and
         {V{\'a}squez}, Alberto M. and {Lamy}, Philippe and {Wojak}, Julien and
         {Jackson}, Bernard V. and {Yu}, Hsiu-Shan and {Henney}, Carl J.},
        title = "{Validation of the Alfv{\'e}n Wave Solar Atmosphere Model (AWSoM) with Observations from the Low Corona to 1 au}",
      journal = {\apj},
     keywords = {Solar corona, Magnetohydrodynamics, Solar coronal waves, Magnetohydrodynamical simulations, Interplanetary medium, Astrophysics - Solar and Stellar Astrophysics, Physics - Space Physics},
         year = "2019",
        month = "Dec",
       volume = {887},
       number = {1},
          eid = {83},
        pages = {83},
          doi = {10.3847/1538-4357/ab4f5e},
archivePrefix = {arXiv},
       eprint = {1910.08110},
 primaryClass = {astro-ph.SR},
       adsurl = {https://ui.adsabs.harvard.edu/abs/2019ApJ...887...83S},
      adsnote = {Provided by the SAO/NASA Astrophysics Data System}
}

@ARTICLE{gombosi_2018,
       author = {{Gombosi}, Tamas I. and {van der Holst}, Bart and {Manchester}, Ward B. and {Sokolov}, Igor V.},
        title = "{Extended MHD modeling of the steady solar corona and the solar wind}",
      journal = {Living Reviews in Solar Physics},
     keywords = {Sun, Solar wind, MHD, Global simulations, Space weather, Astrophysics - Solar and Stellar Astrophysics},
         year = 2018,
        month = jul,
       volume = {15},
       number = {1},
          eid = {4},
        pages = {4},
          doi = {10.1007/s41116-018-0014-4},
archivePrefix = {arXiv},
       eprint = {1807.00417},
 primaryClass = {astro-ph.SR},
       adsurl = {https://ui.adsabs.harvard.edu/abs/2018LRSP...15....4G},
      adsnote = {Provided by the SAO/NASA Astrophysics Data System}
}

@ARTICLE{jacques_1977,
       author = {{Jacques}, S.~A.},
        title = "{Momentum and energy transport by waves in the solar atmosphere and solar wind.}",
      journal = {\apj},
     keywords = {Energy Transfer, Momentum Transfer, Solar Atmosphere, Solar Wind, Energy Dissipation, Magnetoacoustic Waves, Magnetohydrodynamic Waves, Solar Physics, Solar Physics},
         year = 1977,
        month = aug,
       volume = {215},
        pages = {942-951},
          doi = {10.1086/155430},
       adsurl = {https://ui.adsabs.harvard.edu/abs/1977ApJ...215..942J},
      adsnote = {Provided by the SAO/NASA Astrophysics Data System}
}

@book{davidson_2013, 
     place={Cambridge},
     title={Turbulence in Rotating, Stratified and Electrically Conducting Fluids}, 
      DOI={10.1017/CBO9781139208673},
 publisher={Cambridge University Press},
    author={Davidson, P. A.},
     year={2013}
}


%este articulo de kolmogorov fue publicado en una revista de la union sovietica y no logro encontrar donde descargarlo
@ARTICLE{kolmogorov_1941,
       author = {{Kolmogorov}, A.},
        title = "{The Local Structure of Turbulence in Incompressible Viscous Fluid for Very Large Reynolds' Numbers}",
      journal = {Akademiia Nauk SSSR Doklady},
         year = 1941,
        month = jan,
       volume = {30},
        pages = {301-305},
       adsurl = {https://ui.adsabs.harvard.edu/abs/1941DoSSR..30..301K},
      adsnote = {Provided by the SAO/NASA Astrophysics Data System}
}


@ARTICLE{dmitruk_2002,
       author = {{Dmitruk}, P. and {Matthaeus}, W.~H. and {Milano}, L.~J. and {Oughton}, S. and {Zank}, G.~P. and {Mullan}, D.~J.},
        title = {Coronal Heating Distribution Due to Low-Frequency, Wave-driven Turbulence},
      journal = {\apj},
     keywords = {Magnetohydrodynamics: MHD, Sun: Corona, Turbulence, Astrophysics},
         year = 2002,
        month = aug,
       volume = {575},
       number = {1},
        pages = {571-577},
          doi = {10.1086/341188},
archivePrefix = {arXiv},
       eprint = {astro-ph/0204347},
 primaryClass = {astro-ph},
       adsurl = {https://ui.adsabs.harvard.edu/abs/2002ApJ...575..571D},
      adsnote = {Provided by the SAO/NASA Astrophysics Data System}
}

@ARTICLE{hollweg_1986,
       author = {{Hollweg}, J.~V.},
        title = "{Transition region, corona, and solar wind in coronal holes}",
      journal = {\jgr},
     keywords = {Coronal Holes, Magnetohydrodynamic Waves, Plasma Heating, Solar Temperature, Solar Wind Velocity, Conductive Heat Transfer, Energy Dissipation, Plasma Turbulence, Solar Physics},
         year = 1986,
        month = apr,
       volume = {91},
       number = {A4},
        pages = {4111-4125},
          doi = {10.1029/JA091iA04p04111},
       adsurl = {https://ui.adsabs.harvard.edu/abs/1986JGR....91.4111H},
      adsnote = {Provided by the SAO/NASA Astrophysics Data System}
}

@ARTICLE{mccomas_2000,
       author = {{McComas}, D.~J. and {Barraclough}, B.~L. and {Funsten}, H.~O. and {Gosling}, J.~T. and {Santiago-Mu{\~n}oz}, E. and {Skoug}, R.~M. and {Goldstein}, B.~E. and {Neugebauer}, M. and {Riley}, P. and {Balogh}, A.},
        title = "{Solar wind observations over Ulysses' first full polar orbit}",
      journal = {\jgr},
     keywords = {Interplanetary Physics: Interplanetary magnetic fields, Interplanetary Physics: Solar cycle variations, Interplanetary Physics: Solar wind plasma, Interplanetary Physics: Sources of the solar wind},
         year = 2000,
        month = may,
       volume = {105},
       number = {A5},
        pages = {10419-10434},
          doi = {10.1029/1999JA000383},
       adsurl = {https://ui.adsabs.harvard.edu/abs/2000JGR...10510419M},
      adsnote = {Provided by the SAO/NASA Astrophysics Data System}
}


@BOOK{aschwanden_2004,
       author = {{Aschwanden}, Markus J.},
        title = "{Physics of the Solar Corona. An Introduction}",
         year = 2004,
       adsurl = {https://ui.adsabs.harvard.edu/abs/2004psci.book.....A},
      adsnote = {Provided by the SAO/NASA Astrophysics Data System}
}


@ARTICLE{hollweg_1978,
       author = {{Hollweg}, J.~V.},
        title = "{Some physical processes in the solar wind.}",
      journal = {Reviews of Geophysics and Space Physics},
     keywords = {Plasma Dynamics, Solar Physics, Solar Wind, Two Fluid Models, Astronomical Models, Conductive Heat Transfer, Magnetohydrodynamic Waves, Solar Protons, Solar Physics, Solar Wind:Models},
         year = 1978,
        month = nov,
       volume = {16},
        pages = {689-720},
          doi = {10.1029/RG016i004p00689},
       adsurl = {https://ui.adsabs.harvard.edu/abs/1978RvGSP..16..689H},
      adsnote = {Provided by the SAO/NASA Astrophysics Data System}
}

@ARTICLE{spitzer_1953,
       author = {{Spitzer}, Lyman and {H{\"a}rm}, Richard},
        title = "{Transport Phenomena in a Completely Ionized Gas}",
      journal = {Physical Review},
         year = 1953,
        month = mar,
       volume = {89},
       number = {5},
        pages = {977-981},
          doi = {10.1103/PhysRev.89.977},
       adsurl = {https://ui.adsabs.harvard.edu/abs/1953PhRv...89..977S},
      adsnote = {Provided by the SAO/NASA Astrophysics Data System}
}


@ARTICLE{sakurai_2017,
       author = {{Sakurai}, Takashi},
        title = "{Heating mechanisms of the solar corona}",
      journal = {Proceeding of the Japan Academy, Series B},
     keywords = {Sun: corona, Sun: magnetic fields, Sun: activity, plasma physics},
         year = 2017,
        month = feb,
       volume = {93},
        pages = {87-97},
          doi = {10.2183/pjab.93.006},
       adsurl = {https://ui.adsabs.harvard.edu/abs/2017PJAB...93...87S},
      adsnote = {Provided by the SAO/NASA Astrophysics Data System}
}

@ARTICLE{elsasser_1950,
       author = {{Elsasser}, Walter M.},
        title = "{The Hydromagnetic Equations}",
      journal = {Physical Review},
         year = 1950,
        month = jul,
       volume = {79},
       number = {1},
        pages = {183-183},
          doi = {10.1103/PhysRev.79.183},
       adsurl = {https://ui.adsabs.harvard.edu/abs/1950PhRv...79..183E},
      adsnote = {Provided by the SAO/NASA Astrophysics Data System}
}

@ARTICLE{magyar_2019,
       author = {{Magyar}, N. and {Van Doorsselaere}, T. and {Goossens}, M.},
        title = "{The Nature of Els{\"a}sser Variables in Compressible MHD}",
      journal = {\apj},
     keywords = {magnetohydrodynamics: MHD, solar wind, turbulence, waves, Astrophysics - Solar and Stellar Astrophysics, Physics - Space Physics},
         year = 2019,
        month = mar,
       volume = {873},
       number = {1},
          eid = {56},
        pages = {56},
          doi = {10.3847/1538-4357/ab04a7},
archivePrefix = {arXiv},
       eprint = {1902.01619},
 primaryClass = {astro-ph.SR},
       adsurl = {https://ui.adsabs.harvard.edu/abs/2019ApJ...873...56M},
      adsnote = {Provided by the SAO/NASA Astrophysics Data System}
}

@ARTICLE{vander_2014,
       author = {{van der Holst}, B. and {Sokolov}, I.~V. and {Meng}, X. and {Jin}, M. and {Manchester}, W.~B., IV and {T{\'o}th}, G. and {Gombosi}, T.~I.},
        title = "{Alfv{\'e}n Wave Solar Model (AWSoM): Coronal Heating}",
      journal = {\apj},
     keywords = {interplanetary medium, magnetohydrodynamics: MHD, methods: numerical, solar wind, Sun: corona, waves, Astrophysics - Solar and Stellar Astrophysics},
         year = 2014,
        month = feb,
       volume = {782},
       number = {2},
          eid = {81},
        pages = {81},
          doi = {10.1088/0004-637X/782/2/81},
archivePrefix = {arXiv},
       eprint = {1311.4093},
 primaryClass = {astro-ph.SR},
       adsurl = {https://ui.adsabs.harvard.edu/abs/2014ApJ...782...81V},
      adsnote = {Provided by the SAO/NASA Astrophysics Data System}
}


%todo lo de abajo corresponde a la monografia de Dasso
@ARTICLE{2018_sunspot_flux,
       author = {{Tiwari}, Babu Ram and {Kumar}, Mukul},
        title = "{The Solar Flux and Sunspot Number; A Long-Trend Analysis}",
      journal = {International Annals of Science},
     keywords = {Sunspots, Solar cycle, Solar Flux},
         year = 2018,
        month = jul,
       volume = {5},
       number = {1},
        pages = {47-51},
          doi = {10.21467/ias.5.1.47-51},
       adsurl = {https://ui.adsabs.harvard.edu/abs/2018IAnSc...5...47T},
      adsnote = {Provided by the SAO/NASA Astrophysics Data System}
}


@ARTICLE{emery_2008,
       author = {{Emery}, Barbara A. and {Coumans}, Val{\'e}Rie and {Evans}, David S. and
         {Germany}, Glynn A. and {Greer}, M. Sue and {Holeman}, Ernest and
         {Kadinsky-Cade}, Katharine and {Rich}, Frederick J. and {Xu}, Weibin},
        title = "{Seasonal, Kp, solar wind, and solar flux variations in long-term single-pass satellite estimates of electron and ion auroral hemispheric power}",
      journal = {Journal of Geophysical Research (Space Physics)},
     keywords = {Ionosphere: Particle precipitation, Atmospheric Composition and Structure: Airglow and aurora, Atmospheric Composition and Structure: Thermosphere: energy deposition (3369), Magnetospheric Physics: Magnetic storms and substorms (7954), Interplanetary Physics: Solar cycle variations (7536), auroral energy fluxes, seasonal variations, modeling},
         year = 2008,
        month = jun,
       volume = {113},
       number = {A6},
          eid = {A06311},
        pages = {A06311},
          doi = {10.1029/2007JA012866},
       adsurl = {https://ui.adsabs.harvard.edu/abs/2008JGRA..113.6311E},
      adsnote = {Provided by the SAO/NASA Astrophysics Data System}
}

@ARTICLE{emery_2009,
       author = {{Emery}, Barbara A. and {Richardson}, Ian G. and {Evans}, David S. and
         {Rich}, Frederick J.},
        title = "{Solar wind structure sources and periodicities of auroral electron power over three solar cycles}",
      journal = {Journal of Atmospheric and Solar-Terrestrial Physics},
     keywords = {Electron auroral energy fluxes, Solar wind speed structures, Solar cycle variations, Periodicities},
         year = 2009,
        month = jul,
       volume = {71},
       number = {10-11},
        pages = {1157-1175},
          doi = {10.1016/j.jastp.2008.08.005},
       adsurl = {https://ui.adsabs.harvard.edu/abs/2009JASTP..71.1157E},
      adsnote = {Provided by the SAO/NASA Astrophysics Data System}
}

@ARTICLE{emery_2011,
       author = {{Emery}, Barbara A. and {Richardson}, Ian G. and {Evans}, David S. and
         {Rich}, Frederick J. and {Wilson}, Gordon R.},
        title = "{Solar Rotational Periodicities and the Semiannual Variation in the Solar Wind, Radiation Belt, and Aurora}",
      journal = {\solphys},
     keywords = {Solar cycle, Solar rotation periodicities, Geospace, Aurora, Radiation belt electron flux, Solar wind, Semiannual periodicity},
         year = 2011,
        month = dec,
       volume = {274},
       number = {1-2},
        pages = {399-425},
          doi = {10.1007/s11207-011-9758-x},
       adsurl = {https://ui.adsabs.harvard.edu/abs/2011SoPh..274..399E},
      adsnote = {Provided by the SAO/NASA Astrophysics Data System}
}


@ARTICLE{toth_2011,
       author = {{T{\'o}th}, G{\'a}bor and {van der Holst}, Bart and {Huang}, Zhenguang},
        title = "{Obtaining Potential Field Solutions with Spherical Harmonics and Finite Differences}",
      journal = {\apj},
     keywords = {magnetic fields, methods: numerical, Sun: corona, Sun: surface magnetism, Astrophysics - Solar and Stellar Astrophysics},
         year = 2011,
        month = may,
       volume = {732},
       number = {2},
          eid = {102},
        pages = {102},
          doi = {10.1088/0004-637X/732/2/102},
archivePrefix = {arXiv},
       eprint = {1104.5672},
 primaryClass = {astro-ph.SR},
       adsurl = {https://ui.adsabs.harvard.edu/abs/2011ApJ...732..102T},
      adsnote = {Provided by the SAO/NASA Astrophysics Data System}
}

@BOOK{prolss,
       author = {{Pr{\"o}lss}, Gerd W. and {Bird}, Michael Keith},
        title = "{Physics of the Earth's Space Environment: an introduction}",
         year = 2004,
       adsurl = {https://ui.adsabs.harvard.edu/abs/2004pese.book.....P},
      adsnote = {Provided by the SAO/NASA Astrophysics Data System}
}

@ARTICLE{suess_2009,
       author = {{Suess}, S.~T. and {Ko}, Y. -K. and {von Steiger}, R. and {Moore}, R.~L.},
        title = "{Quiescent current sheets in the solar wind and origins of slow wind}",
      journal = {Journal of Geophysical Research (Space Physics)},
     keywords = {Ionosphere: Ionospheric disturbances, Ionosphere: Midlatitude ionosphere, Space Weather: General or miscellaneous, Ionosphere: Auroral ionosphere (2704), Ionosphere: General or miscellaneous},
         year = 2009,
        month = apr,
       volume = {114},
       number = {A4},
          eid = {A04103},
        pages = {A04103},
          doi = {10.1029/2008JA013704},
       adsurl = {https://ui.adsabs.harvard.edu/abs/2009JGRA..114.4103S},
      adsnote = {Provided by the SAO/NASA Astrophysics Data System}
}

@BOOK{handbook_2007,
       author = {{Kamide}, Yohsuke and {Chian}, Abraham C. -L.},
        title = "{Handbook of the Solar-Terrestrial Environment}",
         year = 2007,
       adsurl = {https://ui.adsabs.harvard.edu/abs/2007hste.book.....K},
      adsnote = {Provided by the SAO/NASA Astrophysics Data System}
}

@ARTICLE{babcock,
       author = {{Piddington}, J.~H.},
        title = "{Solar Dynamo Theory and the Models of Babcock and Leighton}",
      journal = {\solphys},
         year = 1972,
        month = jan,
       volume = {22},
       number = {1},
        pages = {3-19},
          doi = {10.1007/BF00145457},
       adsurl = {https://ui.adsabs.harvard.edu/abs/1972SoPh...22....3P},
      adsnote = {Provided by the SAO/NASA Astrophysics Data System}
}
@ARTICLE{parker_1958,
       author = {{Parker}, E.~N.},
        title = "{Dynamics of the Interplanetary Gas and Magnetic Fields.}",
      journal = {\apj},
         year = 1958,
        month = nov,
       volume = {128},
        pages = {664},
          doi = {10.1086/146579},
       adsurl = {https://ui.adsabs.harvard.edu/abs/1958ApJ...128..664P},
      adsnote = {Provided by the SAO/NASA Astrophysics Data System}
}

@ARTICLE{reconexion,
       author = {{Kulsrud}, Russell M.},
        title = "{Magnetic reconnection: Sweet-Parker versus Petschek}",
      journal = {Earth, Planets, and Space},
     keywords = {Astrophysics},
         year = 2001,
        month = jun,
       volume = {53},
        pages = {417-422},
          doi = {10.1186/BF03353251},
archivePrefix = {arXiv},
       eprint = {astro-ph/0007075},
 primaryClass = {astro-ph},
       adsurl = {https://ui.adsabs.harvard.edu/abs/2001EP&S...53..417K},
      adsnote = {Provided by the SAO/NASA Astrophysics Data System}
}

@ARTICLE{dungey_1961,
       author = {{Dungey}, J.~W.},
        title = "{Interplanetary Magnetic Field and the Auroral Zones}",
      journal = {\prl},
         year = 1961,
        month = jan,
       volume = {6},
       number = {2},
        pages = {47-48},
          doi = {10.1103/PhysRevLett.6.47},
       adsurl = {https://ui.adsabs.harvard.edu/abs/1961PhRvL...6...47D},
      adsnote = {Provided by the SAO/NASA Astrophysics Data System}
}

@book{priest_forbes_2000, 
place={Cambridge}, 
title={Magnetic Reconnection: MHD Theory and Applications}, 
DOI={10.1017/CBO9780511525087}, 
publisher={Cambridge University Press}, 
author={Priest, Eric and Forbes, Terry}, year={2000}
}
